@book{Pierce:2002:TPL:509043,
 author = {Pierce, Benjamin C.},
 title = {Types and programming languages},
 year = {2002},
 isbn = {0-262-16209-1},
 publisher = {MIT Press},
 address = {Cambridge, MA, USA},
} 

@book{DIE05B,
    author = {Diestel, Reinhard},
    citeulike-article-id = {3561618},
    citeulike-linkout-0 = {http://vg00.met.vgwort.de/na/ddfc84df913d6ef96f8f?l=http://www.math.uni-hamburg.de/home/diestel/books/graph.theory/GraphTheoryIII.pdf},
    edition = {Third},
    keywords = {file-import-08-11-17, graph-theory},
    posted-at = {2008-11-17 20:06:51},
    priority = {2},
    publisher = {Springer-Verlag, Heidelberg},
    series = {Graduate Texts in Mathematics},
    title = {{Graph Theory}},
    url = {http://vg00.met.vgwort.de/na/ddfc84df913d6ef96f8f?l=http://www.math.uni-hamburg.de/home/diestel/books/graph.theory/GraphTheoryIII.pdf},
    volume = {173},
    year = {2005}
}

@article{Scopatz2009,
author = {Scopatz, Anthony M. and Schneider, Erich a.},
doi = {10.1016/j.nucengdes.2009.02.022},
file = {:home/scopatz/refs/MyPublished/ned5290.pdf:pdf},
issn = {00295493},
journal = {Nuclear Engineering and Design},
month = oct,
number = {10},
pages = {2169--2184},
publisher = {Elsevier B.V.},
title = {{A new method for rapid computation of transient fuel cycle material balances}},
url = {http://linkinghub.elsevier.com/retrieve/pii/S0029549309000922},
volume = {239},
year = {2009}
}

@MISC{cyclus2012,
  author = {Wilson, P.P.H. and Gidden, M. and Huff, K. and Carlsen, R.},
  title = {Cyclus: A Nuclear Fuel Cycle Code from the University of Wisconsin
    Madison},
  month = {June},
  year = {2012},
  note = {http://cyclus.github.com/},
  owner = {gidden},
  timestamp = {2012.06.29}
}

@article{DBLP:journals/jsyml/Church40,
  author    = {Alonzo Church},
  title     = {A Formulation of the Simple Theory of Types},
  journal   = {J. Symb. Log.},
  volume    = {5},
  number    = {2},
  year      = {1940},
  pages     = {56-68},
  ee        = {http://projecteuclid.org/euclid.jsl/1183387805},
  bibsource = {DBLP, http://dblp.uni-trier.de}
}


@misc{xdress,
  author = {Anthony Scopatz},
  title = {{XDress}},
  month = apr,
  year = {2013},
  url = {https://s3.amazonaws.com/xdress/index.html},
  howpublished = {\url{https://s3.amazonaws.com/xdress/index.html}}
}

@misc{gccxml,
  author = {Brad King and others},
  title = {{GCC-XML}},
  month = apr,
  year = {2013},
  url = {http://gccxml.github.io/HTML/Index.html},
  howpublished = {\url{http://gccxml.github.io/HTML/Index.html}}
}


@misc{xml,
  author = {{W3C}},
  title = {{Extensible Markup Language (XML) 1.0 (Fifth Edition)}},
  month = apr,
  year = {2013},
  url = {http://www.w3.org/TR/REC-xml/},
  howpublished = {\url{http://www.w3.org/TR/REC-xml/}}
},

@article{haghighat_monte_2003,
  title = {Monte Carlo Variance Reduction with Deterministic Importance Functions},
  volume = {42},
  number = {1},
  journal = {Progress in Nuclear Energy},
  author = {Haghighat, Alireza and Wagner, John C.},
  year = {2003},
  pages = {25-53}
},

@article{davis_comparison_2011,
  title = {Comparison of global variance reduction techniques for Monte Carlo radiation transport simulations of {ITER}},
  volume = {86},
  journal = {Fusion Engineering and Design},
  author = {Davis, Andrew},
  year = {2011},
  pages = {2698-2700}
},

@techreport{tautges_moab:_2004,
  type = {{SAND2004-1592}},
  title = {{MOAB:} A Mesh-Oriented Database},
  institution = {Sandia National Laboratories},
  author = {Tautges, T. J. and Meyers, R. and Merkley, K. and Stimpson, C. and Ernst, C.},
  month = apr,
  year = {2004},
  note = {Report},
  keywords = {{MOAB}}
},

@misc{pytaps,
  author={Porter, J},
  title= {PyTAPS v1.4 documentation},
  howpublished ={\url{http://pythonhosted.org/PyTAPS/}},
  year={2011}
},

@phdthesis{wilson_alara:_1999,
  address = {Madison, {WI}, United States},
  type = {{PhD} Thesis},
  title = {{ALARA:} Analytic and Laplacian Adaptive Radioactivity Analysis},
  school = {Fusion Technology Institute, {UW-Madison}},
  author = {Wilson, {P.P.H.}},
  month = apr,
  year = {1999},
},

@misc{hdf5,
  author = {{The HDF Group}},
  title = {Hierarchical data format version 5},
  year = {2000-2010},
  url = {http://www.hdfgroup.org/HDF5},
  howpublished = {\url{http://www.hdfgroup.org/HDF5}}
},

@techreport{herman2009endf,
  title={ENDF-6 Formats Manual: Data Formats and Procedures for the Evaluated
                  Nuclear Data File ENDF/B-VI and ENDF/B-VII},
  author={Herman, M. and Trkov, A.},
  number={ENDF-102},
  year={2009},
  address={Upton, New York},
  institution={Brookhaven National Laboratory}
}

@ARTICLE{behnel2010cython,
    author={Behnel, S. and Bradshaw, R. and Citro, C. and Dalcin, L. and Seljebotn, D.S. and Smith, K.},
    journal={Computing in Science Engineering},
    title={Cython: The Best of Both Worlds},
    year={2011},
    month=march-april ,
    volume={13},
    number={2},
    pages={31 -39},
    keywords={Cython language;Fortran code;Python language extension;numerical loops;programming language;C language;numerical analysis;},
    doi={10.1109/MCSE.2010.118},
    ISSN={1521-9615},
}

@ARTICLE{ytpaper,
   author = {{Turk}, M.~J. and {Smith}, B.~D. and {Oishi}, J.~S. and {Skory}, S. and 
    {Skillman}, S.~W. and {Abel}, T. and {Norman}, M.~L.},
    title = "{yt: A Multi-code Analysis Toolkit for Astrophysical Simulation Data}",
  journal = {The Astrophysical Journal},
archivePrefix = "arXiv",
   eprint = {1011.3514},
 primaryClass = "astro-ph.IM",
 keywords = {cosmology: theory, methods: data analysis, methods: numerical},
     year = 2011,
    month = jan,
   volume = 192,
      eid = {9},
    pages = {9},
      doi = {10.1088/0067-0049/192/1/9},
   adsurl = {http://adsabs.harvard.edu/abs/2011ApJS..192....9T},
  adsnote = {Provided by the SAO/NASA Astrophysics Data System}
}
